@article{Colburn2007,
  author  = {Colburn, Timothy R. and Shute, Gary M.},
  title   = {Abstraction in Computer Science},
  journal = {Minds \& Machines},
  year    = {2007},
  volume  = {17},
  number  = {2},
  pages   = {169--184},
  doi     = {10.1007/s11023-007-9061-7}
}

@article{Khan2015,
  author  = {Khan, A. U. H. and Al-Mouhamed, M. and Fatayer, A. and Mohammad, N.},
  title   = {Optimizing the Matrix Multiplication Using Strassen and Winograd Algorithms with Limited Recursions on Many-Core},
  journal = {International Journal of Parallel Programming},
  year    = {2015},
  volume  = {45},
  number  = {1},
  pages   = {125--154},
  doi     = {10.1007/s10766-015-0378-1}
}

@inproceedings{Lin2021,
  author    = {Lin, L. and Xu, Z. and Huan, H. and Jian, Z. and Li-Xin, L.},
  title     = {An Empirical Comparison of Implementation Efficiency of Iterative and Recursive Algorithms of Fast Fourier Transform},
  booktitle = {Machine Learning and Intelligent Communications},
  year      = {2021},
  pages     = {73--81},
  publisher = {Springer},
  doi       = {10.1007/978-3-030-66785-6_9}
}

@inproceedings{Luo2021,
  author    = {Luo, S. and Jankov, D. and Yuan, B. and Jermaine, C.},
  title     = {Automatic Optimization of Matrix Implementations for Distributed Machine Learning and Linear Algebra},
  booktitle = {Proceedings of the 2021 International Conference on Management of Data (SIGMOD '21)},
  year      = {2021},
  publisher = {ACM},
  doi       = {10.1145/3448016.3457317}
}

@misc{Filipchenko2024,
  author       = {Filipchenko, A. S.},
  title        = {Method for determining the acceleration of a parallel specialised computer system based on Amdahl's law},
  year         = {2024},
  eprinttype   = {arXiv},
  eprint       = {2401.16975},
  primaryclass = {cs.DC}
}

@book{clrs,
  author    = {Cormen, Thomas H. and Leiserson, Charles E. and Rivest, Ronald L. and Stein, Clifford},
  title     = {Introduction to Algorithms},
  edition   = {3rd},
  publisher = {MIT Press},
  year      = {2009},
  address   = {Cambridge, MA}
}